<record><leader>00000cas a2200000 a 4500</leader><controlfield tag="001">8807302</controlfield><controlfield tag="008">820925d19401978kyudn ne      0   a0eng  </controlfield><controlfield tag="009">466</controlfield><datafield ind1=" " ind2=" " tag="010"><subfield code="a">sn 82015390 </subfield></datafield><datafield ind1=" " ind2=" " tag="040"><subfield code="a">DLC</subfield><subfield code="b">eng</subfield><subfield code="c">DLC</subfield><subfield code="d">KNP</subfield><subfield code="d">NSD</subfield><subfield code="d">DLC</subfield><subfield code="d">KNP</subfield><subfield code="d">OCL</subfield><subfield code="d">OCLCQ</subfield></datafield><datafield ind1="1" ind2=" " tag="029"><subfield code="a">AU@</subfield><subfield code="b">000025830396</subfield></datafield><datafield ind1=" " ind2=" " tag="042"><subfield code="a">msc</subfield></datafield><datafield ind1="0" ind2="0" tag="050"><subfield code="a">Newspaper 7885-X</subfield></datafield><datafield ind1="0" ind2="0" tag="245"><subfield code="a">Danville advocate-messenger.</subfield></datafield><datafield ind1="3" ind2="0" tag="246"><subfield code="a">Danville advocate messenger</subfield></datafield><datafield ind1="3" ind2="0" tag="246"><subfield code="a">Kentucky advocate</subfield></datafield><datafield ind1=" " ind2=" " tag="260"><subfield code="a">Danville, Ky. :</subfield><subfield code="b">Advocate-Messenger Co.,</subfield><subfield code="c">1940-1978.</subfield></datafield><datafield ind1=" " ind2=" " tag="300"><subfield code="a">v. :</subfield><subfield code="b">ill. ;</subfield><subfield code="c">68 cm.</subfield></datafield><datafield ind1=" " ind2=" " tag="310"><subfield code="a">Daily (except Sat.)</subfield></datafield><datafield ind1="0" ind2=" " tag="362"><subfield code="a">Vol. 74, no. 191 (Feb. 1, 1940)-v. 112, no. 161 (Jan. 1, 1978).</subfield></datafield><datafield ind1=" " ind2=" " tag="500"><subfield code="a">July 10, 1940 issue called also "75th Anniversary edition."</subfield></datafield><datafield ind1=" " ind2=" " tag="500"><subfield code="a">Issued also in a Sunday ed. called: Kentucky advocate.</subfield></datafield><datafield ind1=" " ind2=" " tag="515"><subfield code="a">Continues the volume numbering of the Kentucky advocate (Danville, Ky. : Daily).</subfield></datafield><datafield ind1=" " ind2=" " tag="515"><subfield code="a">Issues for Feb. 1, 1940- called also 74th year-</subfield></datafield><datafield ind1=" " ind2="4" tag="651"><subfield code="a">Boyle County (Ky.)</subfield><subfield code="v">Newspapers.</subfield></datafield><datafield ind1=" " ind2="4" tag="651"><subfield code="a">Danville (Ky.)</subfield><subfield code="v">Newspapers.</subfield></datafield><datafield ind1=" " ind2=" " tag="752"><subfield code="a">United States</subfield><subfield code="b">Kentucky</subfield><subfield code="c">Boyle</subfield><subfield code="d">Danville.</subfield></datafield><datafield ind1="0" ind2="4" tag="780"><subfield code="t">Kentucky advocate (Danville, Ky. : Daily)</subfield><subfield code="w">(DLC)sn 84027428</subfield></datafield><datafield ind1="0" ind2="4" tag="780"><subfield code="t">Danville daily messenger</subfield><subfield code="w">(DLC)sn 86069220</subfield></datafield><datafield ind1="0" ind2="0" tag="785"><subfield code="t">Advocate-messenger</subfield><subfield code="x">0889-0056</subfield><subfield code="w">(DLC)sn 86069221</subfield><subfield code="w">(OCoLC)13765074</subfield></datafield></record>